% This file was created with JabRef 2.10b2.
% Encoding: UTF8


@Article{goncalves,
  Title                    = {Rob\'otica, sistemas sensorial e motos: principais tend\^encias e dire\c{c}\~oes.},
  Author                   = {Gon{\c c}alves, L. M. G. and Cesar Junior, R. M.},
  Journal                  = {Revista de Inform\'atica Te\'orica e Aplicada},
  Year                     = {2002},

  Month                    = {out.},
  Number                   = {2},
  Pages                    = {7-36},
  Volume                   = {9},

  Address                  = {Porto Alegre},
  Owner                    = {lerm},
  Timestamp                = {2014.04.28}
}

@Book{goncalves2,
  Title                    = {A história de Mirador},
  Author                   = {GONÇALVES, F. B.},
  Year                     = {1993},

  Address                  = {São Paulo},

  Owner                    = {lerm},
  Timestamp                = {2014.04.28}
}

@Book{krieger,
  Title                    = {Todos os sócios do presidente},
  Author                   = {KRIEGER, G. and NOVAES, L. A. and FARIA, T.},
  Publisher                = {Scritta},
  Year                     = {1992},
  Edition                  = {3},

  Owner                    = {lerm},
  Timestamp                = {2014.04.28}
}

@Article{lisboa,
  Title                    = {Reutiliza\c{c}\~ao de esquemas de bancos de dados em aplica\c{c}\~oes de gest\~ao urbana},
  Author                   = {LISBOA{ }FILHO, J. and IOCHPE, C. and BORGES, K.},
  Journal                  = {Inform\'atica P\'ublica},
  Year                     = {2002},

  Month                    = {jun.},
  Number                   = {1},
  Pages                    = {105-119},
  Volume                   = {4},

  Owner                    = {lerm},
  Timestamp                = {2014.04.28},
  Url                      = {http://www.ip.pbh.gov.br/ip0401.html},
  Urlaccessdate            = {20 set. 2002}
}

@Book{pedrosa,
  Title                    = {Da cor a cor inexistente},
  Author                   = {PEDROSA, Israel},
  Year                     = {1995},

  Owner                    = {lerm},
  Timestamp                = {2014.04.28}
}

@Book{high,
  Title                    = {High technology},
  Year                     = {1985},

  Address                  = {Beverly Hills},

  Owner                    = {lerm},
  Timestamp                = {2014.04.28}
}

